<record><leader>00000cas a2200000 a 4500</leader><controlfield tag="001">12593125</controlfield><controlfield tag="008">850924d19311937ksuwr ne      0    0eng d</controlfield><datafield ind1=" " ind2=" " tag="010"><subfield code="a">sn 85029858 </subfield></datafield><datafield ind1=" " ind2=" " tag="040"><subfield code="a">KSH</subfield><subfield code="b">eng</subfield><subfield code="c">KSH</subfield><subfield code="d">NPT</subfield><subfield code="d">OCL</subfield><subfield code="d">OCLCQ</subfield></datafield><datafield ind1=" " ind2=" " tag="042"><subfield code="a">msc</subfield></datafield><datafield ind1="0" ind2=" " tag="130"><subfield code="a">Selden independent (Selden, Kan. : 1931)</subfield></datafield><datafield ind1="1" ind2="4" tag="245"><subfield code="a">The Selden independent.</subfield></datafield><datafield ind1="1" ind2="3" tag="246"><subfield code="a">Selden independent and observer</subfield><subfield code="f">Jan. 5, 1933</subfield></datafield><datafield ind1=" " ind2=" " tag="260"><subfield code="a">Selden, Kan. :</subfield><subfield code="b">[s.n.],</subfield><subfield code="c">1931-</subfield></datafield><datafield ind1=" " ind2=" " tag="300"><subfield code="a">v. :</subfield><subfield code="b">ill. ;</subfield><subfield code="c">55 cm.</subfield></datafield><datafield ind1=" " ind2=" " tag="310"><subfield code="a">Weekly</subfield></datafield><datafield ind1="0" ind2=" " tag="362"><subfield code="a">Vol. 1, no. 1 (Feb. 12, 1931)-</subfield></datafield><datafield ind1="1" ind2=" " tag="362"><subfield code="a">Ceased with June 10, 1937 issue?</subfield></datafield><datafield ind1=" " ind2=" " tag="500"><subfield code="a">Publisher varies.</subfield></datafield><datafield ind1=" " ind2=" " tag="752"><subfield code="a">United States</subfield><subfield code="b">Kansas</subfield><subfield code="c">Sheridan</subfield><subfield code="d">Selden.</subfield></datafield><datafield ind1="0" ind2="5" tag="780"><subfield code="t">Selden observer</subfield><subfield code="g">Jan. 5, 1933</subfield><subfield code="w">(DLC)sn 85029848</subfield></datafield><datafield ind1="1" ind2=" " tag="029"><subfield code="a">AU@</subfield><subfield code="b">000022172735</subfield></datafield></record>